@article{article,
author = {Tkacik, Gasper and Schneidman, Elad and Berry II, Michael and Bialek, William},
year = {2009},
month = {12},
pages = {},
title = {Spin glass models for a network of real neurons}
}