@article{article,
author = {Wang, Chen and Chen, He and Zhang, Yinchao and Chen, Siying and Guo, Pan and Wang, Lifu},
year = {2019},
month = {09},
pages = {7789},
title = {Optical design of a crossed Czernyâ€“Turner spectrometer with a linear array photomultiplier tube},
volume = {58},
journal = {Applied Optics},
doi = {10.1364/AO.58.007789}
}



@article{doi:10.1080/00268976.2024.2360542,
author = {Amir Mirzanejad and Sergey A. Varganov},
title = {Derivation of Morse potential},
journal = {Molecular Physics},
volume = {0},
number = {0},
pages = {e2360542},
year = {2024},
publisher = {Taylor \& Francis},
doi = {10.1080/00268976.2024.2360542},


URL = { 
    
        https://doi.org/10.1080/00268976.2024.2360542



},
eprint = { 
    
        https://doi.org/10.1080/00268976.2024.2360542



}

}


@ARTICLE{1988JChPh..88.4535D,
       author = {{Dahl}, Jens Peder and {Springborg}, Michael},
        title = "{The Morse oscillator in position space, momentum space, and phase space}",
      journal = {Journal of Chemical Physics},
         year = 1988,
        month = apr,
       volume = {88},
       number = {7},
        pages = {4535-4547},
          doi = {10.1063/1.453761},
       adsurl = {https://ui.adsabs.harvard.edu/abs/1988JChPh..88.4535D},
      adsnote = {Provided by the SAO/NASA Astrophysics Data System}
}

@MISC{21316,
    AUTHOR = {James (https://physics.stackexchange.com/users/5201/james)},
    TITLE = "{Why are overtones forbidden within the harmonic approximation?}",
    HOWPUBLISHED = {Physics Stack Exchange},
    NOTE = {URL:https://physics.stackexchange.com/q/21316 (version: 2012-06-10)},
    EPRINT = {
    
    https://physics.stackexchange.com/q/21316
    
    },
    URL = {

    https://physics.stackexchange.com/q/21316
    
    }
}

@misc{unknown,
author = {Remillard, Stephen},
year = {2018},
month = {05},
pages = {},
title = {Optical Spectroscopy of Diatomic Nitrogen: A Tutorial for Work in the Hope College Microwave Group}
}

@misc{2023Franck,
	note = {[Online; accessed 2024-10-05]},
	year = {2023},
	month = jun,
	publisher = {Libretexts.org},
        author = {Ziering, M. and Franzen, S.},
	title = {The {Franck}-{Condon} {Principle}},
        url = {https://chem.libretexts.org/@go/page/210904},
}

@article{article2,
author = {Sansonetti, Craig and Salit, Marc and Reader, Joseph},
year = {1996},
month = {01},
pages = {74-7},
title = {Wavelengths of Spectral Lines in Mercury Pencil Lamps},
volume = {35},
journal = {Applied optics},
doi = {10.1364/AO.35.000074}
}