@misc{2020Euler,
    author = {Trench, William F.},
	note = {[Online; accessed 2024-10-22]},
	year = {2020},
	month = {Jan 7},
	publisher = {Trinity University},
	title = {Euler's {Method}},
    url = {https://www.cs.trinity.edu/~jmyers/EulerMethod.pdf}
}

@misc{2020Improved,
    author = {Trench, William F.},
	note = {[Online; accessed 2024-10-22]},
	year = {2020},
	month = {Jan 7},
	publisher = {Trinity University},
	title = {The {Improved} {Euler} {Method} and {Related} {Methods}},
}