@article{article,
author = {Marsiglio, F.},
year = {2008},
month = {06},
pages = {},
title = {The Harmonic Oscillator in Quantum Mechanics: A Third Way},
volume = {77},
journal = {American Journal of Physics},
doi = {10.1119/1.3042207}
}

@book{Griffiths_Schroeter_2018,
 place={Cambridge},
 edition={3}, 
 title={Introduction to Quantum Mechanics}, 
 publisher={Cambridge University Press}, 
 author={Griffiths, David J. and Schroeter, Darrell F.},
 year={2018}
}