@misc{LabHandbook,
  author = {},
  howpublished = {},
  title = {Junior Sophister Laboratory Handbook: Fractals},
  year = {2023},
  month = {Jul},
  publisher = {Trinity College Dublin},
}