@article{article,
author = {Wang, Chen and Chen, He and Zhang, Yinchao and Chen, Siying and Guo, Pan and Wang, Lifu},
year = {2019},
month = {09},
pages = {7789},
title = {Optical design of a crossed Czernyâ€“Turner spectrometer with a linear array photomultiplier tube},
volume = {58},
journal = {Applied Optics},
doi = {10.1364/AO.58.007789}
}