@misc2{2023Franck,
	note = {[Online; accessed 2024-10-05]},
	year = {2023},
	month = {jun 30},
	publisher = {},
	title = {The {Franck}-{Condon} {Principle}},
}

