@misc{171421,
  author = {Jean Sansonetti and William Martin},
  title = {Handbook of Basic Atomic Spectroscopic Data},
  year = {2005},
  number = {34 No 4},
  month = {2005-12-01},
  publisher = {Handbook of Basic Atomic Spectroscopic Data},
  language = {en},
}
