@article{article,
author = {Sansonetti, Craig and Salit, Marc and Reader, Joseph},
year = {1996},
month = {01},
pages = {74-7},
title = {Wavelengths of Spectral Lines in Mercury Pencil Lamps},
volume = {35},
journal = {Applied optics},
doi = {10.1364/AO.35.000074}
}