@ARTICLE{1988JChPh..88.4535D,
       author = {{Dahl}, Jens Peder and {Springborg}, Michael},
        title = "{The Morse oscillator in position space, momentum space, and phase space}",
      journal = {\jcp},
         year = 1988,
        month = apr,
       volume = {88},
       number = {7},
        pages = {4535-4547},
          doi = {10.1063/1.453761},
       adsurl = {https://ui.adsabs.harvard.edu/abs/1988JChPh..88.4535D},
      adsnote = {Provided by the SAO/NASA Astrophysics Data System}
}

