





















@article{doi:10.1080/00268976.2024.2360542,
author = {Amir Mirzanejad and Sergey A. Varganov},
title = {Derivation of Morse potential},
journal = {Molecular Physics},
volume = {0},
number = {0},
pages = {e2360542},
year = {2024},
publisher = {Taylor \& Francis},
doi = {10.1080/00268976.2024.2360542},


URL = { 
    
        https://doi.org/10.1080/00268976.2024.2360542
    
    

},
eprint = { 
    
        https://doi.org/10.1080/00268976.2024.2360542
    
    

}

}


